<?xml version="1.0" encoding="UTF-8"?><collection><record><leader>04367ctm a2200589 a 4500</leader><controlfield tag="001">005233627</controlfield><controlfield tag="003">MiAaHDL</controlfield><controlfield tag="005">20190719000000.0</controlfield><controlfield tag="006">m        d        </controlfield><controlfield tag="007">cr bn ---auaua</controlfield><controlfield tag="008">060612q148015uu|||           000 p per  </controlfield><datafield tag="035" ind1=" " ind2=" "><subfield code="a">(MiU)005233627</subfield></datafield><datafield tag="035" ind1=" " ind2=" "><subfield code="a">sdr-miu005233627</subfield></datafield><datafield tag="035" ind1=" " ind2=" "><subfield code="a">(OCoLC)81282243</subfield></datafield><datafield tag="035" ind1=" " ind2=" "><subfield code="a">(RLIN)MIUG06-B2535</subfield></datafield><datafield tag="040" ind1=" " ind2=" "><subfield code="a">MiU</subfield><subfield code="c">MiU</subfield></datafield><datafield tag="100" ind1="0" ind2=" "><subfield code="6">880-01</subfield><subfield code="a">Jāmī,</subfield><subfield code="d">1414-1492.</subfield></datafield><datafield tag="240" ind1="1" ind2="0"><subfield code="6">880-02</subfield><subfield code="a">Haft awrang</subfield></datafield><datafield tag="245" ind1="1" ind2="0"><subfield code="6">880-03</subfield><subfield code="a">[Yūsuf va Zulaykhā,</subfield><subfield code="f">late 15th or early 16th century?].</subfield></datafield><datafield tag="246" ind1="3" ind2=" "><subfield code="a">يوسف و زليخا</subfield></datafield><datafield tag="246" ind1="3" ind2=" "><subfield code="i">Edge title (tail):</subfield><subfield code="a">یوسف و زلیخا</subfield></datafield><datafield tag="246" ind1="3" ind2=" "><subfield code="i">Title from inscription in red ink on recto of final leaf:</subfield><subfield code="a">يوسف زليها حكايه سى</subfield></datafield><datafield tag="260" ind1=" " ind2=" "><subfield code="c">[1480-15--?].</subfield></datafield><datafield tag="300" ind1=" " ind2=" "><subfield code="a">122 leaves ([244] p.) :</subfield><subfield code="b">paper ;</subfield><subfield code="c">232 x 170 (148 x 75) mm.</subfield></datafield><datafield tag="500" ind1=" " ind2=" "><subfield code="a">Origin: Lacks dated colophon ; paper, hand, binding, etc. suggests late 15th or early 16th century.</subfield></datafield><datafield tag="500" ind1=" " ind2=" "><subfield code="a">Former shelfmark: "352 T. De M. [i.e. Tammaro De Marinis]" in pencil on final leaf (p.244).</subfield></datafield><datafield tag="500" ind1=" " ind2=" "><subfield code="a">Binding: Pasteboards covered in dark brown leather ; Type II binding (with flap) ; doublures in dark red leather with central scalloped mandorla of dark leather filigree over bronze shagreen onlays accented with gold outlines and rule border ; upper and lower covers stamped with scalloped, four-lobed central ornament and cornerpieces (all filled with vegetal compositions), outlined in gold and set off by gold-tooled border in a series of s-shaped stamps (forming a chain) ; design continues on envelope flap ; sewn in cream thread, two stations ; worked chevron endbands in light blue and cream, tailband gone, headband in tact ; overall in fair condition with some lifting and losses of leather, minor delamination, split joints, slight warping in boards, detaching at spine.</subfield></datafield><datafield tag="500" ind1=" " ind2=" "><subfield code="a">Support: non-European (likely Persian) laid paper with 9 laid lines per cm. (vertical, curved slightly and only somewhat indistinct) and irregular chain lines only faintly visible, thin and crisp, quite well-sized and burnished ; some tears, staining, etc.</subfield></datafield><datafield tag="500" ind1=" " ind2=" "><subfield code="a">Decoration: Red rubrics ; pages are bordered in blue and gold lines (contribution by D. Mancini-Lander).</subfield></datafield><datafield tag="500" ind1=" " ind2=" "><subfield code="a">Script: Text written in black nastaʻlīq script (contribution by D. Mancini-Lander).</subfield></datafield><datafield tag="500" ind1=" " ind2=" "><subfield code="a">Layout: Written in 17 lines per page with written area divided to two columns ; frame-ruled.</subfield></datafield><datafield tag="500" ind1=" " ind2=" "><subfield code="a">Collation: IV-2 (6), 14 IV(118), II (122) ; catchwords present ; pagination in pencil, Western numerals (supplied during digitization).</subfield></datafield><datafield tag="500" ind1=" " ind2=" "><subfield code="a">Explicit: "زبانرا گوشمال خامشی ده که هست از هر چه گوئی خامشی به"</subfield></datafield><datafield tag="500" ind1=" " ind2=" "><subfield code="a">Incipit: "نه بینم پخته زین بزم و خامی که بر کف باشد ش زان با ده جامی ..."</subfield></datafield><datafield tag="500" ind1=" " ind2=" "><subfield code="a">Title supplied by cataloguer.</subfield></datafield><datafield tag="500" ind1=" " ind2=" "><subfield code="a">Ms. codex.</subfield></datafield><datafield tag="510" ind1="4" ind2=" "><subfield code="a">Rypka,</subfield><subfield code="c">p. 286-8</subfield></datafield><datafield tag="510" ind1="4" ind2=" "><subfield code="a">Browne,</subfield><subfield code="c">v. iii, p.515-16, 531-33</subfield></datafield><datafield tag="520" ind1="8" ind2=" "><subfield code="a">Yūsuf va Zulaykhā is the fifth of seven masnavīs (long poem in rhymed couplets) that make up Jāmī's Haft Awrang (Seven Thrones), composed in 888/1483. This manuscript is missing the first folio of the dibācheh. The first complete section begins: "be-nām-i ānkeh nām-esh..."(contribution by D. Mancini-Lander).</subfield></datafield><datafield tag="538" ind1=" " ind2=" "><subfield code="a">Mode of access: Internet.</subfield></datafield><datafield tag="541" ind1=" " ind2=" "><subfield code="c">Purchase ;</subfield><subfield code="a">Acquired by purchase (funds donated by Horace Rackham).</subfield><subfield code="d">1924.</subfield></datafield><datafield tag="545" ind1=" " ind2=" "><subfield code="a">Persian Ṣufī of the Naqshbandīyah order and famed poet as well as hagiographer. Closely allied with the Timurid court of Herat in the 15th century, particularly with the vizier, Mīr ʻAlī Shīr Navāʼī (contribution by D. Mancini-Lander).</subfield></datafield><datafield tag="546" ind1=" " ind2=" "><subfield code="a">Persian.</subfield></datafield><datafield tag="650" ind1=" " ind2="0"><subfield code="a">Manuscripts, Persian</subfield><subfield code="z">Michigan</subfield><subfield code="z">Ann Arbor.</subfield></datafield><datafield tag="650" ind1=" " ind2="0"><subfield code="a">Sufi poetry, Persian</subfield><subfield code="v">Early works to 1800.</subfield></datafield><datafield tag="650" ind1=" " ind2="0"><subfield code="a">Masnavis, Persian</subfield><subfield code="v">Early works to 1800.</subfield></datafield><datafield tag="650" ind1=" " ind2="0"><subfield code="a">Persian poetry</subfield><subfield code="y">747-1500.</subfield></datafield><datafield tag="700" ind1="0" ind2=" "><subfield code="a">Abdülhamid</subfield><subfield code="b">II,</subfield><subfield code="c">Sultan of the Turks,</subfield><subfield code="d">1842-1918,</subfield><subfield code="e">former owner.</subfield></datafield><datafield tag="773" ind1="0" ind2=" "><subfield code="a">Abdul Hamid Collection.</subfield></datafield><datafield tag="880" ind1="1" ind2="0"><subfield code="6">245-03/</subfield><subfield code="a">[یوسف و زلیخا,</subfield><subfield code="f">پایان قرن 15 یا اغاز قرن 16م؟].</subfield></datafield><datafield tag="880" ind1="1" ind2="0"><subfield code="6">240-02/</subfield><subfield code="a">هفت اورنگ</subfield></datafield><datafield tag="880" ind1="0" ind2=" "><subfield code="6">100-01/</subfield><subfield code="a">جامي.</subfield></datafield><datafield tag="CID" ind1=" " ind2=" "><subfield code="a">005233627</subfield></datafield><datafield tag="DAT" ind1="0" ind2=" "><subfield code="a">20190719102633.0</subfield><subfield code="b">20190719000000.0</subfield></datafield><datafield tag="DAT" ind1="1" ind2=" "><subfield code="a">20190719090653.0</subfield><subfield code="b">2019-07-19T16:11:04Z</subfield></datafield><datafield tag="DAT" ind1="2" ind2=" "><subfield code="a">2015-10-02T18:00:03Z</subfield></datafield><datafield tag="CAT" ind1=" " ind2=" "><subfield code="a">SDR-MIU</subfield><subfield code="d">EX LIBRIS - ALEPH</subfield><subfield code="l">prepare.pl-004-008</subfield></datafield><datafield tag="FMT" ind1=" " ind2=" "><subfield code="a">BK</subfield></datafield><datafield tag="HOL" ind1=" " ind2=" "><subfield code="0">sdr-miu005233627</subfield><subfield code="a">MiU</subfield><subfield code="b">SDR</subfield><subfield code="c">MIU</subfield><subfield code="p">mdp.39015081446463</subfield><subfield code="s">MIU</subfield><subfield code="1">005233627</subfield></datafield><datafield tag="974" ind1=" " ind2=" "><subfield code="b">MIU</subfield><subfield code="c">MIU</subfield><subfield code="d">20190719</subfield><subfield code="s">lit-dlps-dc</subfield><subfield code="u">mdp.39015081446463</subfield><subfield code="y">1599</subfield><subfield code="r">pd</subfield><subfield code="q">bib</subfield><subfield code="t">non-US bib date2 &lt; 1879</subfield></datafield></record></collection>